@misc{megaparsec,
  author       = {{Megaparsec contributors} and Paolo Martini and Daan Leijen},
  howpublished = {\url{https://hackage.haskell.org/package/megaparsec}},
  title        = {megaparsec: Monadic parser combinators}
}

@misc{parsercombinators,
  author       = {Mark Karpov and Alex Washburn},
  howpublished= {\url{https://hackage.haskell.org/package/parser-combinators-1.3.0/docs/Control-Monad-Combinators-Expr.html}},
  title        = {parser-combinators: Lightweight package providing commonly useful parser combinators}

}
@misc{free,
  author       = {Edward A. Kmett},
  howpublished = {\url{https://hackage.haskell.org/package/free}},
  title        = {free: Monads for free}
}
@misc{pretty,
  author       = {Dennis Gosnell},
  howpublished = {\url{https://hackage.haskell.org/package/pretty-simple}},
  title        = {pretty-simple: pretty printer for data types with a 'Show' instance.}
}